@article{watts1998collective,
  title={Collective dynamics of ‘small-world’networks},
  author={Watts, Duncan J and Strogatz, Steven H},
  journal={nature},
  volume={393},
  number={6684},
  pages={440--442},
  year={1998},
  publisher={Nature Publishing Group}
}

@article{bickel2011method,
  title={The method of moments and degree distributions for network models},
  author={Bickel, Peter J and Chen, Aiyou and Levina, Elizaveta and others},
  journal={The Annals of Statistics},
  volume={39},
  number={5},
  pages={2280--2301},
  year={2011},
  publisher={Institute of Mathematical Statistics}
}

@article{Wang2014psrw,
 author = {Wang, Pinghui and Lui, John C. S. and Ribeiro, Bruno and Towsley, Don and Zhao, Junzhou and Guan, Xiaohong},
 title = {Efficiently Estimating Motif Statistics of Large Networks},
 journal = {ACM Trans. Knowl. Discov. Data},
 issue_date = {November 2014},
 volume = {9},
 number = {2},
 month = sep,
 year = {2014},
 issn = {1556-4681},
 pages = {8:1--8:27},
 articleno = {8},
 numpages = {27},
 url = {http://doi.acm.org/10.1145/2629564},
 doi = {10.1145/2629564},
 acmid = {2629564},
 publisher = {ACM}
} 

@article{Han2016waddling,
  title={Waddling Random Walk: Fast and Accurate Mining of Motif Statistics in Large Graphs},
  author={Guyue Han and Harish Sethu},
  journal={2016 IEEE 16th International Conference on Data Mining (ICDM)},
  year={2016},
  pages={181-190}
}

@article{Ahmed2017count,
author="Ahmed, Nesreen K.
and Neville, Jennifer
and Rossi, Ryan A.
and Duffield, Nick G.
and Willke, Theodore L.",
title="Graphlet decomposition: framework, algorithms, and applications",
journal="Knowledge and Information Systems",
year="2017",
month="Mar",
day="01",
volume="50",
number="3",
pages="689--722",
issn="0219-3116",
doi="10.1007/s10115-016-0965-5",
url="https://doi.org/10.1007/s10115-016-0965-5"
}

@inproceedings{Mohaisen2010mixingtime,
 author = {Mohaisen, Abedelaziz and Yun, Aaram and Kim, Yongdae},
 title = {Measuring the Mixing Time of Social Graphs},
 booktitle = {Proceedings of the 10th ACM SIGCOMM Conference on Internet Measurement},
 series = {IMC '10},
 year = {2010},
 isbn = {978-1-4503-0483-2},
 location = {Melbourne, Australia},
 pages = {383--389},
 numpages = {7},
 url = {http://doi.acm.org/10.1145/1879141.1879191},
 doi = {10.1145/1879141.1879191},
 acmid = {1879191},
 publisher = {ACM},
 address = {New York, NY, USA},
 keywords = {measurement, mixing time, social networks, sybil defenses},
} 

@inproceedings{Bressan2017colourcoding,
 author = {Bressan, Marco and Chierichetti, Flavio and Kumar, Ravi and Leucci, Stefano and Panconesi, Alessandro},
 title = {Counting Graphlets: Space vs Time},
 booktitle = {Proceedings of the Tenth ACM International Conference on Web Search and Data Mining},
 series = {WSDM '17},
 year = {2017},
 isbn = {978-1-4503-4675-7},
 location = {Cambridge, United Kingdom},
 pages = {557--566},
 numpages = {10},
 url = {http://doi.acm.org/10.1145/3018661.3018732},
 doi = {10.1145/3018661.3018732},
 acmid = {3018732},
 publisher = {ACM},
 address = {New York, NY, USA},
 keywords = {color coding, graph mining, graphlet counting, random walk, subgraph enumeration, subgraph sampling},
} 

@Inbook{Sinclair1992,
author="Sinclair, Alistair",
editor="Simon, Imre",
title="Improved bounds for mixing rates of Markov chains and multicommodity flow",
bookTitle="LATIN '92: 1st Latin American Symposium on Theoretical Informatics S{\~a}o Paulo, Brazil, April 6--10, 1992 Proceedings",
year="1992",
publisher="Springer Berlin Heidelberg",
address="Berlin, Heidelberg",
pages="474--487",
isbn="978-3-540-47012-0",
doi="10.1007/BFb0023849",
url="https://doi.org/10.1007/BFb0023849"
}

@article{chakrabarti2006graph,
  title={Graph mining: Laws, generators, and algorithms},
  author={Chakrabarti, Deepayan and Faloutsos, Christos},
  journal={ACM computing surveys (CSUR)},
  volume={38},
  number={1},
  pages={2},
  year={2006},
  publisher={ACM}
}

@inproceedings{hardiman2013estimating,
  title={Estimating clustering coefficients and size of social networks via random walk},
  author={Hardiman, Stephen J and Katzir, Liran},
  booktitle={Proceedings of the 22nd international conference on World Wide Web},
  pages={539--550},
  year={2013},
  organization={ACM}
}

@article{milo2002network,
  title={Network motifs: simple building blocks of complex networks},
  author={Milo, Ron and Shen-Orr, Shai and Itzkovitz, Shalev and Kashtan, Nadav and Chklovskii, Dmitri and Alon, Uri},
  journal={Science},
  volume={298},
  number={5594},
  pages={824--827},
  year={2002},
  publisher={American Association for the Advancement of Science}
}

@article{prvzulj2004modeling,
  title={Modeling interactome: scale-free or geometric?},
  author={Pr{\v{z}}ulj, Natasa and Corneil, Derek G and Jurisica, Igor},
  journal={Bioinformatics},
  volume={20},
  number={18},
  pages={3508--3515},
  year={2004},
  publisher={Oxford University Press}
}

@inproceedings{bhuiyan2012guise,
  title={Guise: Uniform sampling of graphlets for large graph analysis},
  author={Bhuiyan, Mansurul A and Rahman, Mahmudur and Al Hasan, M},
  booktitle={Data Mining (ICDM), 2012 IEEE 12th International Conference on},
  pages={91--100},
  year={2012},
  organization={IEEE}
}

@article{davis1970clustering,
  title={Clustering and hierarchy in interpersonal relations: Testing two graph theoretical models on 742 sociomatrices},
  author={Davis, James A},
  journal={American Sociological Review},
  pages={843--851},
  year={1970},
  publisher={JSTOR}
}

@article{frank1986markov,
  title={Markov graphs},
  author={Frank, Ove and Strauss, David},
  journal={Journal of the american Statistical association},
  volume={81},
  number={395},
  pages={832--842},
  year={1986},
  publisher={Taylor \& Francis Group}
}

@article{wasserman1996logit,
  title={Logit models and logistic regressions for social networks: I. An introduction to Markov graphs andp},
  author={Wasserman, Stanley and Pattison, Philippa},
  journal={Psychometrika},
  volume={61},
  number={3},
  pages={401--425},
  year={1996},
  publisher={Springer}
}

@article{barabasi1999emergence,
  title={Emergence of scaling in random networks},
  author={Barab{\'a}si, Albert-L{\'a}szl{\'o} and Albert, R{\'e}ka},
  journal={science},
  volume={286},
  number={5439},
  pages={509--512},
  year={1999},
  publisher={American Association for the Advancement of Science}
}

@inproceedings{snijders2002markov,
  title={Markov Chain Monte Carlo Estimation of Exponential Random Graph Models},
  author={Snijders, Tom AB},
  booktitle={Journal of Social Structure},
  year={2002},
  organization={Citeseer}
}

@article{cordella2004sub,
  title={A (sub) graph isomorphism algorithm for matching large graphs},
  author={Cordella, Luigi P and Foggia, Pasquale and Sansone, Carlo and Vento, Mario},
  journal={IEEE transactions on pattern analysis and machine intelligence},
  volume={26},
  number={10},
  pages={1367--1372},
  year={2004},
  publisher={IEEE}
}

@article{rahman2014graft,
  title={Graft: An efficient graphlet counting method for large graph analysis},
  author={Rahman, Mahmudur and Bhuiyan, Mansurul Alam and Al Hasan, Mohammad},
  journal={IEEE Transactions on Knowledge and Data Engineering},
  volume={26},
  number={10},
  pages={2466--2478},
  year={2014},
  publisher={IEEE}
}

@article{prvzulj2006efficient,
  title={Efficient estimation of graphlet frequency distributions in protein--protein interaction networks},
  author={Pr{\v{z}}ulj, N and Corneil, Derek G and Jurisica, Igor},
  journal={Bioinformatics},
  volume={22},
  number={8},
  pages={974--980},
  year={2006},
  publisher={Oxford University Press}
}

@article{chen2016general,
  title={A general framework for estimating graphlet statistics via random walk},
  author={Chen, Xiaowei and Li, Yongkun and Wang, Pinghui and Lui, John},
  journal={Proceedings of the VLDB Endowment},
  volume={10},
  number={3},
  pages={253--264},
  year={2016},
  publisher={VLDB Endowment}
}

@inproceedings{nr-aaai15,
  title = {The Network Data Repository with Interactive Graph Analytics and Visualization},
  author={Ryan A. Rossi and Nesreen K. Ahmed},
  booktitle = {Proceedings of the Twenty-Ninth AAAI Conference on Artificial Intelligence},
  url={http://networkrepository.com},
  year={2015}
}